@article{http-com,
    author = "bytesofgigabytes.com",
    title = "How HTTP request and response works",
    journal = "\url{https://bytesofgigabytes.com/networking/how-http-request-and-response-works/}",
    year = "2021"
}
@article{python-webserver,
    author = "pythonbasics.org",
    title = "Create a Python Web Server",
    journal = "\url{https://pythonbasics.org/webserver/}",
    year = "2021"
}

@article{js-dom,
    author = "Ilya Grigorik - Google",
    title = "Construire le mod√®le d'objet",
    journal = "\url{https://developers.google.com/web/fundamentals/performance/critical-rendering-path/constructing-the-object-model}",
    year = "2021"
}

@article{event-loop,
    author = "AritraSen - geeksforgeeks",
    title = "Node.js Event Loop",
    journal = "\url{https://www.geeksforgeeks.org/node-js-event-loop/}",
    year = "2021"
}

